<record><leader>01391cam a2200289 a 4500</leader><controlfield tag="001">1358862</controlfield><controlfield tag="008">910225s1985    unr      b        0 rus c</controlfield><datafield ind1=" " ind2=" " tag="035"><subfield code="a">ocm15013332</subfield></datafield><datafield ind1=" " ind2=" " tag="040"><subfield code="b">eng</subfield></datafield><datafield ind1=" " ind2=" " tag="043"><subfield code="a">e-ur-un</subfield></datafield><datafield ind1=" " ind2=" " tag="049"><subfield code="a">AEU</subfield><subfield code="b">eng</subfield></datafield><datafield ind1=" " ind2="3" tag="055"><subfield code="a">DK 508.73</subfield><subfield code="b">M999 1985</subfield></datafield><datafield ind1="0" ind2=" " tag="090"><subfield code="a">DK 508.73 M999 1985</subfield></datafield><datafield ind1="1" ind2=" " tag="100"><subfield code="a">Myt&#865;syk, I&#865;U. A.</subfield><subfield code="q">(I&#865;Uri&#301; Andreevich)</subfield></datafield><datafield ind1="1" ind2="0" tag="245"><subfield code="a">Zapiski inostrant&#865;sev kak istochnik po istorii Osvoboditel&#697;no&#305;&#774; vo&#305;&#774;ny ukrainskogo naroda 1648-1654 gg. /</subfield><subfield code="c">I&#865;U.A. Myt&#865;syk.</subfield></datafield><datafield ind1=" " ind2=" " tag="260"><subfield code="a">Dnepropetrovsk :</subfield><subfield code="b">Dnepropetrovski&#305;&#774; gos. universitet,</subfield><subfield code="c">1985.</subfield></datafield><datafield ind1=" " ind2=" " tag="300"><subfield code="a">83 p. ;</subfield><subfield code="c">20 cm.</subfield></datafield><datafield ind1=" " ind2=" " tag="336"><subfield code="a">text</subfield><subfield code="b">txt</subfield><subfield code="2">rdacontent</subfield></datafield><datafield ind1=" " ind2=" " tag="337"><subfield code="a">unmediated</subfield><subfield code="b">n</subfield><subfield code="2">rdamedia</subfield></datafield><datafield ind1=" " ind2=" " tag="338"><subfield code="a">volume</subfield><subfield code="b">nc</subfield><subfield code="2">rdacarrier</subfield></datafield><datafield ind1=" " ind2=" " tag="500"><subfield code="a">At head of title: Ministerstvo vysshego i srednego spet&#865;sial&#697;noho obrazovanii&#865;a SSSR. Dnepropetrovski&#305;&#774; ordena Trudovogo Krasnogo Znameni gosudarstvenny&#305;&#774; universitet imeni 300-lettii&#865;a vossoedinenii&#865;a Ukrainy s Rossie&#305;&#774;.</subfield></datafield><datafield ind1=" " ind2=" " tag="500"><subfield code="a">Authorized for instructional purposes.</subfield></datafield><datafield ind1=" " ind2=" " tag="504"><subfield code="a">Includes bibliographical references.</subfield></datafield><datafield ind1=" " ind2=" " tag="596"><subfield code="a">43</subfield></datafield><datafield ind1=" " ind2="0" tag="651"><subfield code="a">Ukraine</subfield><subfield code="x">History</subfield><subfield code="y">1648-1654</subfield><subfield code="v">Sources.</subfield></datafield><datafield ind1="2" ind2=" " tag="710"><subfield code="a">Dnipropetrovs&#697;ky&#301; derz&#865;havny&#301; universytet imeni 300-richchi&#865;a vozz'i&#865;ednanni&#865;a Ukra&#239;ny z Rosii&#865;ei&#865;u.</subfield></datafield><datafield ind1=" " ind2=" " tag="926"><subfield code="a">DK 508.73 M999 1985</subfield><subfield code="w">LC</subfield><subfield code="c">1</subfield><subfield code="i">000035756766</subfield><subfield code="d">1/19/2017</subfield><subfield code="e">12/14/2016</subfield><subfield code="l">ON_SHELF</subfield><subfield code="m">UAHSS</subfield><subfield code="n">5</subfield><subfield code="p">$150.00</subfield><subfield code="r">Y</subfield><subfield code="s">Y</subfield><subfield code="t">BOOK</subfield><subfield code="u">2/27/1991</subfield></datafield></record>